%YAML 1.1
%TAG !u! tag:unity3d.com,2011:
--- !u!1 &4410407053230776408
GameObject:
  m_ObjectHideFlags: 0
  m_CorrespondingSourceObject: {fileID: 0}
  m_PrefabInstance: {fileID: 0}
  m_PrefabAsset: {fileID: 0}
  serializedVersion: 6
  m_Component:
  - component: {fileID: 824070771233280587}
  - component: {fileID: 8517633726785218685}
  - component: {fileID: 2668452960310170756}
  - component: {fileID: 6899381101266861659}
  - component: {fileID: 5912552082252670330}
  - component: {fileID: 8778115313217648567}
  m_Layer: 0
  m_Name: IceRock5
  m_TagString: Obstacle
  m_Icon: {fileID: 0}
  m_NavMeshLayer: 0
  m_StaticEditorFlags: 0
  m_IsActive: 1
--- !u!4 &824070771233280587
Transform:
  m_ObjectHideFlags: 0
  m_CorrespondingSourceObject: {fileID: 0}
  m_PrefabInstance: {fileID: 0}
  m_PrefabAsset: {fileID: 0}
  m_GameObject: {fileID: 4410407053230776408}
  m_LocalRotation: {x: -0, y: -0, z: -0, w: 1}
  m_LocalPosition: {x: 95.54, y: 171.97234, z: -184.23395}
  m_LocalScale: {x: 0.95, y: 1, z: 0.95}
  m_Children:
  - {fileID: 4419379470278019708}
  m_Father: {fileID: 0}
  m_RootOrder: 0
  m_LocalEulerAnglesHint: {x: 0, y: 0, z: 0}
--- !u!33 &8517633726785218685
MeshFilter:
  m_ObjectHideFlags: 0
  m_CorrespondingSourceObject: {fileID: 0}
  m_PrefabInstance: {fileID: 0}
  m_PrefabAsset: {fileID: 0}
  m_GameObject: {fileID: 4410407053230776408}
  m_Mesh: {fileID: -1308591888722446975, guid: dd796bed3f8c8094c93ddab860643608, type: 3}
--- !u!23 &2668452960310170756
MeshRenderer:
  m_ObjectHideFlags: 0
  m_CorrespondingSourceObject: {fileID: 0}
  m_PrefabInstance: {fileID: 0}
  m_PrefabAsset: {fileID: 0}
  m_GameObject: {fileID: 4410407053230776408}
  m_Enabled: 1
  m_CastShadows: 1
  m_ReceiveShadows: 1
  m_DynamicOccludee: 1
  m_MotionVectors: 1
  m_LightProbeUsage: 1
  m_ReflectionProbeUsage: 1
  m_RenderingLayerMask: 1
  m_RendererPriority: 0
  m_Materials:
  - {fileID: -2551240767032753910, guid: dd796bed3f8c8094c93ddab860643608, type: 3}
  - {fileID: 2100000, guid: f07cc946c3d05f345b5d5d04891ca858, type: 2}
  m_StaticBatchInfo:
    firstSubMesh: 0
    subMeshCount: 0
  m_StaticBatchRoot: {fileID: 0}
  m_ProbeAnchor: {fileID: 0}
  m_LightProbeVolumeOverride: {fileID: 0}
  m_ScaleInLightmap: 1
  m_ReceiveGI: 1
  m_PreserveUVs: 0
  m_IgnoreNormalsForChartDetection: 0
  m_ImportantGI: 0
  m_StitchLightmapSeams: 1
  m_SelectedEditorRenderState: 3
  m_MinimumChartSize: 4
  m_AutoUVMaxDistance: 0.5
  m_AutoUVMaxAngle: 89
  m_LightmapParameters: {fileID: 0}
  m_SortingLayerID: 0
  m_SortingLayer: 0
  m_SortingOrder: 0
--- !u!114 &6899381101266861659
MonoBehaviour:
  m_ObjectHideFlags: 0
  m_CorrespondingSourceObject: {fileID: 0}
  m_PrefabInstance: {fileID: 0}
  m_PrefabAsset: {fileID: 0}
  m_GameObject: {fileID: 4410407053230776408}
  m_Enabled: 1
  m_EditorHideFlags: 0
  m_Script: {fileID: 11500000, guid: b81c1a74f97fbca4a81350fa9f3bdddb, type: 3}
  m_Name: 
  m_EditorClassIdentifier: 
--- !u!54 &5912552082252670330
Rigidbody:
  m_ObjectHideFlags: 0
  m_CorrespondingSourceObject: {fileID: 0}
  m_PrefabInstance: {fileID: 0}
  m_PrefabAsset: {fileID: 0}
  m_GameObject: {fileID: 4410407053230776408}
  serializedVersion: 2
  m_Mass: 1
  m_Drag: 0
  m_AngularDrag: 0.05
  m_UseGravity: 0
  m_IsKinematic: 0
  m_Interpolate: 0
  m_Constraints: 126
  m_CollisionDetection: 0
--- !u!65 &8778115313217648567
BoxCollider:
  m_ObjectHideFlags: 0
  m_CorrespondingSourceObject: {fileID: 0}
  m_PrefabInstance: {fileID: 0}
  m_PrefabAsset: {fileID: 0}
  m_GameObject: {fileID: 4410407053230776408}
  m_Material: {fileID: 13400000, guid: af79325073bf4af4482bb748e851da89, type: 2}
  m_IsTrigger: 0
  m_Enabled: 1
  serializedVersion: 2
  m_Size: {x: 10, y: 6, z: 10}
  m_Center: {x: 5, y: 3, z: 5}
--- !u!1001 &8659998737567506790
PrefabInstance:
  m_ObjectHideFlags: 0
  serializedVersion: 2
  m_Modification:
    m_TransformParent: {fileID: 824070771233280587}
    m_Modifications:
    - target: {fileID: -927199367670048503, guid: 8f538d887b465d94cb3ae54c5e7a9654,
        type: 3}
      propertyPath: m_Name
      value: rock_large5
      objectReference: {fileID: 0}
    - target: {fileID: -4216859302048453862, guid: 8f538d887b465d94cb3ae54c5e7a9654,
        type: 3}
      propertyPath: m_LocalPosition.x
      value: 5
      objectReference: {fileID: 0}
    - target: {fileID: -4216859302048453862, guid: 8f538d887b465d94cb3ae54c5e7a9654,
        type: 3}
      propertyPath: m_LocalPosition.y
      value: 2.5
      objectReference: {fileID: 0}
    - target: {fileID: -4216859302048453862, guid: 8f538d887b465d94cb3ae54c5e7a9654,
        type: 3}
      propertyPath: m_LocalPosition.z
      value: 5
      objectReference: {fileID: 0}
    - target: {fileID: -4216859302048453862, guid: 8f538d887b465d94cb3ae54c5e7a9654,
        type: 3}
      propertyPath: m_LocalRotation.x
      value: 0
      objectReference: {fileID: 0}
    - target: {fileID: -4216859302048453862, guid: 8f538d887b465d94cb3ae54c5e7a9654,
        type: 3}
      propertyPath: m_LocalRotation.y
      value: -0
      objectReference: {fileID: 0}
    - target: {fileID: -4216859302048453862, guid: 8f538d887b465d94cb3ae54c5e7a9654,
        type: 3}
      propertyPath: m_LocalRotation.z
      value: -0
      objectReference: {fileID: 0}
    - target: {fileID: -4216859302048453862, guid: 8f538d887b465d94cb3ae54c5e7a9654,
        type: 3}
      propertyPath: m_LocalRotation.w
      value: 1
      objectReference: {fileID: 0}
    - target: {fileID: -4216859302048453862, guid: 8f538d887b465d94cb3ae54c5e7a9654,
        type: 3}
      propertyPath: m_RootOrder
      value: 0
      objectReference: {fileID: 0}
    - target: {fileID: -4216859302048453862, guid: 8f538d887b465d94cb3ae54c5e7a9654,
        type: 3}
      propertyPath: m_LocalEulerAnglesHint.x
      value: 0
      objectReference: {fileID: 0}
    - target: {fileID: -4216859302048453862, guid: 8f538d887b465d94cb3ae54c5e7a9654,
        type: 3}
      propertyPath: m_LocalEulerAnglesHint.y
      value: 0
      objectReference: {fileID: 0}
    - target: {fileID: -4216859302048453862, guid: 8f538d887b465d94cb3ae54c5e7a9654,
        type: 3}
      propertyPath: m_LocalEulerAnglesHint.z
      value: 0
      objectReference: {fileID: 0}
    - target: {fileID: -1504981713932161579, guid: 8f538d887b465d94cb3ae54c5e7a9654,
        type: 3}
      propertyPath: m_Materials.Array.data[1]
      value: 
      objectReference: {fileID: 2100000, guid: 44b2f6960b7a28642a3eee12bbbfc8dd, type: 2}
    m_RemovedComponents: []
  m_SourcePrefab: {fileID: 100100000, guid: 8f538d887b465d94cb3ae54c5e7a9654, type: 3}
--- !u!4 &4419379470278019708 stripped
Transform:
  m_CorrespondingSourceObject: {fileID: -4216859302048453862, guid: 8f538d887b465d94cb3ae54c5e7a9654,
    type: 3}
  m_PrefabInstance: {fileID: 8659998737567506790}
  m_PrefabAsset: {fileID: 0}
